%YAML 1.1
%TAG !u! tag:unity3d.com,2011:
--- !u!29 &1
OcclusionCullingSettings:
  m_ObjectHideFlags: 0
  serializedVersion: 2
  m_OcclusionBakeSettings:
    smallestOccluder: 5
    smallestHole: 0.25
    backfaceThreshold: 100
  m_SceneGUID: 00000000000000000000000000000000
  m_OcclusionCullingData: {fileID: 0}
--- !u!104 &2
RenderSettings:
  m_ObjectHideFlags: 0
  serializedVersion: 8
  m_Fog: 0
  m_FogColor: {r: 0.5, g: 0.5, b: 0.5, a: 1}
  m_FogMode: 3
  m_FogDensity: 0.01
  m_LinearFogStart: 0
  m_LinearFogEnd: 300
  m_AmbientSkyColor: {r: 0.212, g: 0.227, b: 0.259, a: 1}
  m_AmbientEquatorColor: {r: 0.114, g: 0.125, b: 0.133, a: 1}
  m_AmbientGroundColor: {r: 0.047, g: 0.043, b: 0.035, a: 1}
  m_AmbientIntensity: 1
  m_AmbientMode: 0
  m_SubtractiveShadowColor: {r: 0.42, g: 0.478, b: 0.627, a: 1}
  m_SkyboxMaterial: {fileID: 10304, guid: 0000000000000000f000000000000000, type: 0}
  m_HaloStrength: 0.5
  m_FlareStrength: 1
  m_FlareFadeSpeed: 3
  m_HaloTexture: {fileID: 0}
  m_SpotCookie: {fileID: 10001, guid: 0000000000000000e000000000000000, type: 0}
  m_DefaultReflectionMode: 0
  m_DefaultReflectionResolution: 128
  m_ReflectionBounces: 1
  m_ReflectionIntensity: 1
  m_CustomReflection: {fileID: 0}
  m_Sun: {fileID: 0}
  m_IndirectSpecularColor: {r: 0.44657868, g: 0.49641263, b: 0.57481706, a: 1}
--- !u!157 &3
LightmapSettings:
  m_ObjectHideFlags: 0
  serializedVersion: 11
  m_GIWorkflowMode: 0
  m_GISettings:
    serializedVersion: 2
    m_BounceScale: 1
    m_IndirectOutputScale: 1
    m_AlbedoBoost: 1
    m_TemporalCoherenceThreshold: 1
    m_EnvironmentLightingMode: 0
    m_EnableBakedLightmaps: 1
    m_EnableRealtimeLightmaps: 1
  m_LightmapEditorSettings:
    serializedVersion: 9
    m_Resolution: 2
    m_BakeResolution: 40
    m_TextureWidth: 1024
    m_TextureHeight: 1024
    m_AO: 0
    m_AOMaxDistance: 1
    m_CompAOExponent: 1
    m_CompAOExponentDirect: 0
    m_Padding: 2
    m_LightmapParameters: {fileID: 0}
    m_LightmapsBakeMode: 1
    m_TextureCompression: 1
    m_FinalGather: 0
    m_FinalGatherFiltering: 1
    m_FinalGatherRayCount: 256
    m_ReflectionCompression: 2
    m_MixedBakeMode: 2
    m_BakeBackend: 0
    m_PVRSampling: 1
    m_PVRDirectSampleCount: 32
    m_PVRSampleCount: 500
    m_PVRBounces: 2
    m_PVRFilterTypeDirect: 0
    m_PVRFilterTypeIndirect: 0
    m_PVRFilterTypeAO: 0
    m_PVRFilteringMode: 1
    m_PVRCulling: 1
    m_PVRFilteringGaussRadiusDirect: 1
    m_PVRFilteringGaussRadiusIndirect: 5
    m_PVRFilteringGaussRadiusAO: 2
    m_PVRFilteringAtrousPositionSigmaDirect: 0.5
    m_PVRFilteringAtrousPositionSigmaIndirect: 2
    m_PVRFilteringAtrousPositionSigmaAO: 1
    m_ShowResolutionOverlay: 1
  m_LightingDataAsset: {fileID: 0}
  m_UseShadowmask: 1
--- !u!196 &4
NavMeshSettings:
  serializedVersion: 2
  m_ObjectHideFlags: 0
  m_BuildSettings:
    serializedVersion: 2
    agentTypeID: 0
    agentRadius: 0.5
    agentHeight: 2
    agentSlope: 45
    agentClimb: 0.4
    ledgeDropHeight: 0
    maxJumpAcrossDistance: 0
    minRegionArea: 2
    manualCellSize: 0
    cellSize: 0.16666667
    manualTileSize: 0
    tileSize: 256
    accuratePlacement: 0
    debug:
      m_Flags: 0
  m_NavMeshData: {fileID: 0}
--- !u!1 &38396418 stripped
GameObject:
  m_PrefabParentObject: {fileID: 100008, guid: 4860b65433c8ba2478f36d5d1ad5bd07, type: 3}
  m_PrefabInternal: {fileID: 221309876}
--- !u!64 &38396422
MeshCollider:
  m_ObjectHideFlags: 0
  m_PrefabParentObject: {fileID: 0}
  m_PrefabInternal: {fileID: 0}
  m_GameObject: {fileID: 38396418}
  m_Material: {fileID: 0}
  m_IsTrigger: 0
  m_Enabled: 1
  serializedVersion: 3
  m_Convex: 0
  m_CookingOptions: 14
  m_SkinWidth: 0.01
  m_Mesh: {fileID: 4300000, guid: 4860b65433c8ba2478f36d5d1ad5bd07, type: 3}
--- !u!114 &38396423
MonoBehaviour:
  m_ObjectHideFlags: 0
  m_PrefabParentObject: {fileID: 0}
  m_PrefabInternal: {fileID: 0}
  m_GameObject: {fileID: 38396418}
  m_Enabled: 1
  m_EditorHideFlags: 0
  m_Script: {fileID: 11500000, guid: b7c10feae01cbf347ab977360e256fb3, type: 3}
  m_Name: 
  m_EditorClassIdentifier: 
--- !u!54 &38396424
Rigidbody:
  m_ObjectHideFlags: 0
  m_PrefabParentObject: {fileID: 0}
  m_PrefabInternal: {fileID: 0}
  m_GameObject: {fileID: 38396418}
  serializedVersion: 2
  m_Mass: 1
  m_Drag: 0
  m_AngularDrag: 0.05
  m_UseGravity: 0
  m_IsKinematic: 1
  m_Interpolate: 0
  m_Constraints: 0
  m_CollisionDetection: 0
--- !u!1001 &106023040
Prefab:
  m_ObjectHideFlags: 0
  serializedVersion: 2
  m_Modification:
    m_TransformParent: {fileID: 0}
    m_Modifications:
    - target: {fileID: 400000, guid: ab508dcce59a2fc4786107e03a099c66, type: 3}
      propertyPath: m_LocalPosition.x
      value: -10.9
      objectReference: {fileID: 0}
    - target: {fileID: 400000, guid: ab508dcce59a2fc4786107e03a099c66, type: 3}
      propertyPath: m_LocalPosition.y
      value: 12.68
      objectReference: {fileID: 0}
    - target: {fileID: 400000, guid: ab508dcce59a2fc4786107e03a099c66, type: 3}
      propertyPath: m_LocalPosition.z
      value: -105.4
      objectReference: {fileID: 0}
    - target: {fileID: 400000, guid: ab508dcce59a2fc4786107e03a099c66, type: 3}
      propertyPath: m_LocalRotation.x
      value: -0
      objectReference: {fileID: 0}
    - target: {fileID: 400000, guid: ab508dcce59a2fc4786107e03a099c66, type: 3}
      propertyPath: m_LocalRotation.y
      value: -0.61522704
      objectReference: {fileID: 0}
    - target: {fileID: 400000, guid: ab508dcce59a2fc4786107e03a099c66, type: 3}
      propertyPath: m_LocalRotation.z
      value: -0
      objectReference: {fileID: 0}
    - target: {fileID: 400000, guid: ab508dcce59a2fc4786107e03a099c66, type: 3}
      propertyPath: m_LocalRotation.w
      value: 0.7883499
      objectReference: {fileID: 0}
    - target: {fileID: 400000, guid: ab508dcce59a2fc4786107e03a099c66, type: 3}
      propertyPath: m_RootOrder
      value: 1
      objectReference: {fileID: 0}
    - target: {fileID: 400000, guid: ab508dcce59a2fc4786107e03a099c66, type: 3}
      propertyPath: m_LocalEulerAnglesHint.y
      value: -75.937004
      objectReference: {fileID: 0}
    - target: {fileID: 2300006, guid: ab508dcce59a2fc4786107e03a099c66, type: 3}
      propertyPath: m_Materials.Array.data[0]
      value: 
      objectReference: {fileID: 2100000, guid: 637db4d7f5c4c0c459f326e01c95141d, type: 2}
    - target: {fileID: 2300008, guid: ab508dcce59a2fc4786107e03a099c66, type: 3}
      propertyPath: m_Materials.Array.data[0]
      value: 
      objectReference: {fileID: 2100000, guid: 3182733d52ef6fa4c965b559b467e17d, type: 2}
    - target: {fileID: 400010, guid: ab508dcce59a2fc4786107e03a099c66, type: 3}
      propertyPath: m_LocalPosition.y
      value: -9.5
      objectReference: {fileID: 0}
    - target: {fileID: 400010, guid: ab508dcce59a2fc4786107e03a099c66, type: 3}
      propertyPath: m_LocalScale.x
      value: 1.4247757
      objectReference: {fileID: 0}
    - target: {fileID: 400010, guid: ab508dcce59a2fc4786107e03a099c66, type: 3}
      propertyPath: m_LocalScale.z
      value: 0.9881135
      objectReference: {fileID: 0}
    - target: {fileID: 2300000, guid: ab508dcce59a2fc4786107e03a099c66, type: 3}
      propertyPath: m_Materials.Array.data[0]
      value: 
      objectReference: {fileID: 2100000, guid: 3182733d52ef6fa4c965b559b467e17d, type: 2}
    - target: {fileID: 2300002, guid: ab508dcce59a2fc4786107e03a099c66, type: 3}
      propertyPath: m_Materials.Array.data[0]
      value: 
      objectReference: {fileID: 2100000, guid: 3182733d52ef6fa4c965b559b467e17d, type: 2}
    m_RemovedComponents:
    - {fileID: 9500000, guid: ab508dcce59a2fc4786107e03a099c66, type: 3}
  m_ParentPrefab: {fileID: 100100000, guid: ab508dcce59a2fc4786107e03a099c66, type: 3}
  m_IsPrefabParent: 0
--- !u!1001 &221309876
Prefab:
  m_ObjectHideFlags: 0
  serializedVersion: 2
  m_Modification:
    m_TransformParent: {fileID: 0}
    m_Modifications:
    - target: {fileID: 400000, guid: 4860b65433c8ba2478f36d5d1ad5bd07, type: 3}
      propertyPath: m_LocalPosition.x
      value: 0
      objectReference: {fileID: 0}
    - target: {fileID: 400000, guid: 4860b65433c8ba2478f36d5d1ad5bd07, type: 3}
      propertyPath: m_LocalPosition.y
      value: 0
      objectReference: {fileID: 0}
    - target: {fileID: 400000, guid: 4860b65433c8ba2478f36d5d1ad5bd07, type: 3}
      propertyPath: m_LocalPosition.z
      value: 0
      objectReference: {fileID: 0}
    - target: {fileID: 400000, guid: 4860b65433c8ba2478f36d5d1ad5bd07, type: 3}
      propertyPath: m_LocalRotation.x
      value: 0
      objectReference: {fileID: 0}
    - target: {fileID: 400000, guid: 4860b65433c8ba2478f36d5d1ad5bd07, type: 3}
      propertyPath: m_LocalRotation.y
      value: 0
      objectReference: {fileID: 0}
    - target: {fileID: 400000, guid: 4860b65433c8ba2478f36d5d1ad5bd07, type: 3}
      propertyPath: m_LocalRotation.z
      value: 0
      objectReference: {fileID: 0}
    - target: {fileID: 400000, guid: 4860b65433c8ba2478f36d5d1ad5bd07, type: 3}
      propertyPath: m_LocalRotation.w
      value: 1
      objectReference: {fileID: 0}
    - target: {fileID: 400000, guid: 4860b65433c8ba2478f36d5d1ad5bd07, type: 3}
      propertyPath: m_RootOrder
      value: 3
      objectReference: {fileID: 0}
    - target: {fileID: 400000, guid: 4860b65433c8ba2478f36d5d1ad5bd07, type: 3}
      propertyPath: m_LocalScale.x
      value: 1
      objectReference: {fileID: 0}
    - target: {fileID: 400000, guid: 4860b65433c8ba2478f36d5d1ad5bd07, type: 3}
      propertyPath: m_LocalScale.y
      value: 1
      objectReference: {fileID: 0}
    - target: {fileID: 400000, guid: 4860b65433c8ba2478f36d5d1ad5bd07, type: 3}
      propertyPath: m_LocalScale.z
      value: 1
      objectReference: {fileID: 0}
    - target: {fileID: 2300006, guid: 4860b65433c8ba2478f36d5d1ad5bd07, type: 3}
      propertyPath: m_Materials.Array.data[0]
      value: 
      objectReference: {fileID: 2100000, guid: ce290d114d1b88344ba462455e792ac8, type: 2}
    - target: {fileID: 2300010, guid: 4860b65433c8ba2478f36d5d1ad5bd07, type: 3}
      propertyPath: m_Materials.Array.data[0]
      value: 
      objectReference: {fileID: 2100000, guid: df60edb948e0cdb4a930678be2ecf85d, type: 2}
    - target: {fileID: 2300012, guid: 4860b65433c8ba2478f36d5d1ad5bd07, type: 3}
      propertyPath: m_Materials.Array.data[0]
      value: 
      objectReference: {fileID: 2100000, guid: df60edb948e0cdb4a930678be2ecf85d, type: 2}
    - target: {fileID: 2300002, guid: 4860b65433c8ba2478f36d5d1ad5bd07, type: 3}
      propertyPath: m_Materials.Array.data[0]
      value: 
      objectReference: {fileID: 2100000, guid: df60edb948e0cdb4a930678be2ecf85d, type: 2}
    - target: {fileID: 2300008, guid: 4860b65433c8ba2478f36d5d1ad5bd07, type: 3}
      propertyPath: m_Materials.Array.data[0]
      value: 
      objectReference: {fileID: 2100000, guid: df60edb948e0cdb4a930678be2ecf85d, type: 2}
    - target: {fileID: 2300000, guid: 4860b65433c8ba2478f36d5d1ad5bd07, type: 3}
      propertyPath: m_Materials.Array.data[0]
      value: 
      objectReference: {fileID: 2100000, guid: df60edb948e0cdb4a930678be2ecf85d, type: 2}
    - target: {fileID: 400014, guid: 4860b65433c8ba2478f36d5d1ad5bd07, type: 3}
      propertyPath: m_LocalPosition.x
      value: -3
      objectReference: {fileID: 0}
    - target: {fileID: 400010, guid: 4860b65433c8ba2478f36d5d1ad5bd07, type: 3}
      propertyPath: m_LocalPosition.x
      value: -4.13
      objectReference: {fileID: 0}
    - target: {fileID: 400010, guid: 4860b65433c8ba2478f36d5d1ad5bd07, type: 3}
      propertyPath: m_LocalRotation.x
      value: -0
      objectReference: {fileID: 0}
    - target: {fileID: 400010, guid: 4860b65433c8ba2478f36d5d1ad5bd07, type: 3}
      propertyPath: m_LocalRotation.y
      value: 0.07368285
      objectReference: {fileID: 0}
    - target: {fileID: 400010, guid: 4860b65433c8ba2478f36d5d1ad5bd07, type: 3}
      propertyPath: m_LocalRotation.w
      value: 0.9972818
      objectReference: {fileID: 0}
    - target: {fileID: 400010, guid: 4860b65433c8ba2478f36d5d1ad5bd07, type: 3}
      propertyPath: m_LocalEulerAnglesHint.y
      value: 8.451
      objectReference: {fileID: 0}
    - target: {fileID: 400010, guid: 4860b65433c8ba2478f36d5d1ad5bd07, type: 3}
      propertyPath: m_LocalPosition.y
      value: -0.97
      objectReference: {fileID: 0}
    - target: {fileID: 400010, guid: 4860b65433c8ba2478f36d5d1ad5bd07, type: 3}
      propertyPath: m_LocalPosition.z
      value: -16.68
      objectReference: {fileID: 0}
    m_RemovedComponents:
    - {fileID: 9500000, guid: 4860b65433c8ba2478f36d5d1ad5bd07, type: 3}
  m_ParentPrefab: {fileID: 100100000, guid: 4860b65433c8ba2478f36d5d1ad5bd07, type: 3}
  m_IsPrefabParent: 0
--- !u!1 &352955717
GameObject:
  m_ObjectHideFlags: 0
  m_PrefabParentObject: {fileID: 0}
  m_PrefabInternal: {fileID: 0}
  serializedVersion: 5
  m_Component:
  - component: {fileID: 352955721}
  - component: {fileID: 352955720}
  - component: {fileID: 352955726}
  - component: {fileID: 352955725}
  - component: {fileID: 352955719}
  - component: {fileID: 352955718}
  - component: {fileID: 352955724}
  - component: {fileID: 352955723}
  - component: {fileID: 352955722}
  m_Layer: 0
  m_Name: Main Camera
  m_TagString: MainCamera
  m_Icon: {fileID: 0}
  m_NavMeshLayer: 0
  m_StaticEditorFlags: 0
  m_IsActive: 1
--- !u!81 &352955718
AudioListener:
  m_ObjectHideFlags: 0
  m_PrefabParentObject: {fileID: 0}
  m_PrefabInternal: {fileID: 0}
  m_GameObject: {fileID: 352955717}
  m_Enabled: 1
--- !u!124 &352955719
Behaviour:
  m_ObjectHideFlags: 0
  m_PrefabParentObject: {fileID: 0}
  m_PrefabInternal: {fileID: 0}
  m_GameObject: {fileID: 352955717}
  m_Enabled: 1
--- !u!20 &352955720
Camera:
  m_ObjectHideFlags: 0
  m_PrefabParentObject: {fileID: 0}
  m_PrefabInternal: {fileID: 0}
  m_GameObject: {fileID: 352955717}
  m_Enabled: 1
  serializedVersion: 2
  m_ClearFlags: 1
  m_BackGroundColor: {r: 0.19215687, g: 0.3019608, b: 0.4745098, a: 0}
  m_NormalizedViewPortRect:
    serializedVersion: 2
    x: 0
    y: 0
    width: 1
    height: 1
  near clip plane: 0.3
  far clip plane: 1000
  field of view: 60
  orthographic: 0
  orthographic size: 5
  m_Depth: -1
  m_CullingMask:
    serializedVersion: 2
    m_Bits: 4294967295
  m_RenderingPath: -1
  m_TargetTexture: {fileID: 0}
  m_TargetDisplay: 0
  m_TargetEye: 3
  m_HDR: 1
  m_AllowMSAA: 1
  m_AllowDynamicResolution: 0
  m_ForceIntoRT: 0
  m_OcclusionCulling: 1
  m_StereoConvergence: 10
  m_StereoSeparation: 0.022
--- !u!4 &352955721
Transform:
  m_ObjectHideFlags: 0
  m_PrefabParentObject: {fileID: 0}
  m_PrefabInternal: {fileID: 0}
  m_GameObject: {fileID: 352955717}
  m_LocalRotation: {x: -0.007999076, y: 0.023646353, z: 0.003981979, w: -0.99968046}
  m_LocalPosition: {x: 0.01, y: 0.62, z: 0.02}
  m_LocalScale: {x: 1, y: 1, z: 1}
  m_Children: []
  m_Father: {fileID: 758076001}
  m_RootOrder: 0
  m_LocalEulerAnglesHint: {x: 0.906, y: -362.714, z: -0.47800002}
--- !u!114 &352955722
MonoBehaviour:
  m_ObjectHideFlags: 0
  m_PrefabParentObject: {fileID: 0}
  m_PrefabInternal: {fileID: 0}
  m_GameObject: {fileID: 352955717}
  m_Enabled: 1
  m_EditorHideFlags: 0
  m_Script: {fileID: 11500000, guid: 7316427f6adfe4e42b100c26a3a53082, type: 3}
  m_Name: 
  m_EditorClassIdentifier: 
  fadeInWhenSceneStarts: 1
  fadeColor: {r: 0, g: 0, b: 0, a: 1}
  fadeTime: 8
--- !u!114 &352955723
MonoBehaviour:
  m_ObjectHideFlags: 0
  m_PrefabParentObject: {fileID: 0}
  m_PrefabInternal: {fileID: 0}
  m_GameObject: {fileID: 352955717}
  m_Enabled: 1
  m_EditorHideFlags: 0
  m_Script: {fileID: 11500000, guid: d62a43906f26b4695a310e5e31521461, type: 3}
  m_Name: 
  m_EditorClassIdentifier: 
  bobbingAmount: 0.05
  midpoint: 0.6
--- !u!114 &352955724
MonoBehaviour:
  m_ObjectHideFlags: 0
  m_PrefabParentObject: {fileID: 0}
  m_PrefabInternal: {fileID: 0}
  m_GameObject: {fileID: 352955717}
  m_Enabled: 1
  m_EditorHideFlags: 0
  m_Script: {fileID: 11500000, guid: f6f00446844a44ac5b197c666ff94339, type: 3}
  m_Name: 
  m_EditorClassIdentifier: 
  zoomFOV: 30
  zoomSpeed: 9
--- !u!114 &352955725
MonoBehaviour:
  m_ObjectHideFlags: 0
  m_PrefabParentObject: {fileID: 0}
  m_PrefabInternal: {fileID: 0}
  m_GameObject: {fileID: 352955717}
  m_Enabled: 1
  m_EditorHideFlags: 0
  m_Script: {fileID: 11500000, guid: 18eea0e8a9c4e4e8fb38abb37b53d409, type: 3}
  m_Name: 
  m_EditorClassIdentifier: 
--- !u!114 &352955726
MonoBehaviour:
  m_ObjectHideFlags: 0
  m_PrefabParentObject: {fileID: 0}
  m_PrefabInternal: {fileID: 0}
  m_GameObject: {fileID: 352955717}
  m_Enabled: 1
  m_EditorHideFlags: 0
  m_Script: {fileID: 11500000, guid: 2cd97f032c69e48f4a551aec475d5e88, type: 3}
  m_Name: 
  m_EditorClassIdentifier: 
  axes: 2
  invertY: 0
  sensitivityX: 8
  sensitivityY: 8
  minimumX: -360
  maximumX: 360
  minimumY: -85
  maximumY: 85
  framesOfSmoothing: 5
--- !u!1 &526218158
GameObject:
  m_ObjectHideFlags: 0
  m_PrefabParentObject: {fileID: 0}
  m_PrefabInternal: {fileID: 0}
  serializedVersion: 5
  m_Component:
  - component: {fileID: 526218160}
  - component: {fileID: 526218159}
  m_Layer: 0
  m_Name: Directional Light
  m_TagString: Untagged
  m_Icon: {fileID: 0}
  m_NavMeshLayer: 0
  m_StaticEditorFlags: 0
  m_IsActive: 1
--- !u!108 &526218159
Light:
  m_ObjectHideFlags: 0
  m_PrefabParentObject: {fileID: 0}
  m_PrefabInternal: {fileID: 0}
  m_GameObject: {fileID: 526218158}
  m_Enabled: 1
  serializedVersion: 8
  m_Type: 1
  m_Color: {r: 1, g: 0.95686275, b: 0.8392157, a: 1}
  m_Intensity: 1
  m_Range: 10
  m_SpotAngle: 30
  m_CookieSize: 10
  m_Shadows:
    m_Type: 2
    m_Resolution: -1
    m_CustomResolution: -1
    m_Strength: 1
    m_Bias: 0.05
    m_NormalBias: 0.4
    m_NearPlane: 0.2
  m_Cookie: {fileID: 0}
  m_DrawHalo: 0
  m_Flare: {fileID: 0}
  m_RenderMode: 0
  m_CullingMask:
    serializedVersion: 2
    m_Bits: 4294967295
  m_Lightmapping: 4
  m_AreaSize: {x: 1, y: 1}
  m_BounceIntensity: 1
  m_ColorTemperature: 6570
  m_UseColorTemperature: 0
  m_ShadowRadius: 0
  m_ShadowAngle: 0
--- !u!4 &526218160
Transform:
  m_ObjectHideFlags: 0
  m_PrefabParentObject: {fileID: 0}
  m_PrefabInternal: {fileID: 0}
  m_GameObject: {fileID: 526218158}
  m_LocalRotation: {x: 0.40821788, y: -0.23456968, z: 0.10938163, w: 0.8754261}
  m_LocalPosition: {x: 16.2, y: 41.7, z: -28.1}
  m_LocalScale: {x: 1, y: 1, z: 1}
  m_Children: []
  m_Father: {fileID: 0}
  m_RootOrder: 4
  m_LocalEulerAnglesHint: {x: 50, y: -30, z: 0}
--- !u!1 &544194975
GameObject:
  m_ObjectHideFlags: 0
  m_PrefabParentObject: {fileID: 100004, guid: 2bf485248961d4641aaecba9d266a25c, type: 3}
  m_PrefabInternal: {fileID: 0}
  serializedVersion: 5
  m_Component:
  - component: {fileID: 544194979}
  - component: {fileID: 544194978}
  - component: {fileID: 544194977}
  - component: {fileID: 544194976}
  m_Layer: 0
  m_Name: bridge (1)
  m_TagString: Untagged
  m_Icon: {fileID: 0}
  m_NavMeshLayer: 0
  m_StaticEditorFlags: 0
  m_IsActive: 1
--- !u!64 &544194976
MeshCollider:
  m_ObjectHideFlags: 0
  m_PrefabParentObject: {fileID: 0}
  m_PrefabInternal: {fileID: 0}
  m_GameObject: {fileID: 544194975}
  m_Material: {fileID: 0}
  m_IsTrigger: 0
  m_Enabled: 1
  serializedVersion: 3
  m_Convex: 0
  m_CookingOptions: 14
  m_SkinWidth: 0.01
  m_Mesh: {fileID: 4300000, guid: 2bf485248961d4641aaecba9d266a25c, type: 3}
--- !u!23 &544194977
MeshRenderer:
  m_ObjectHideFlags: 0
  m_PrefabParentObject: {fileID: 2300000, guid: 2bf485248961d4641aaecba9d266a25c,
    type: 3}
  m_PrefabInternal: {fileID: 0}
  m_GameObject: {fileID: 544194975}
  m_Enabled: 1
  m_CastShadows: 1
  m_ReceiveShadows: 1
  m_DynamicOccludee: 1
  m_MotionVectors: 1
  m_LightProbeUsage: 1
  m_ReflectionProbeUsage: 1
  m_Materials:
  - {fileID: 2100000, guid: 6a376ae5501adf84e9c9fb7629b5d134, type: 2}
  m_StaticBatchInfo:
    firstSubMesh: 0
    subMeshCount: 0
  m_StaticBatchRoot: {fileID: 0}
  m_ProbeAnchor: {fileID: 0}
  m_LightProbeVolumeOverride: {fileID: 0}
  m_ScaleInLightmap: 1
  m_PreserveUVs: 0
  m_IgnoreNormalsForChartDetection: 0
  m_ImportantGI: 0
  m_StitchLightmapSeams: 0
  m_SelectedEditorRenderState: 3
  m_MinimumChartSize: 4
  m_AutoUVMaxDistance: 0.5
  m_AutoUVMaxAngle: 89
  m_LightmapParameters: {fileID: 0}
  m_SortingLayerID: 0
  m_SortingLayer: 0
  m_SortingOrder: 0
--- !u!33 &544194978
MeshFilter:
  m_ObjectHideFlags: 0
  m_PrefabParentObject: {fileID: 3300000, guid: 2bf485248961d4641aaecba9d266a25c,
    type: 3}
  m_PrefabInternal: {fileID: 0}
  m_GameObject: {fileID: 544194975}
  m_Mesh: {fileID: 4300000, guid: 2bf485248961d4641aaecba9d266a25c, type: 3}
--- !u!4 &544194979
Transform:
  m_ObjectHideFlags: 0
  m_PrefabParentObject: {fileID: 400004, guid: 2bf485248961d4641aaecba9d266a25c, type: 3}
  m_PrefabInternal: {fileID: 0}
  m_GameObject: {fileID: 544194975}
  m_LocalRotation: {x: -0, y: 0.032917716, z: -0, w: 0.9994581}
  m_LocalPosition: {x: -17.5, y: 10.1, z: -156.4}
  m_LocalScale: {x: 1, y: 1, z: 1}
  m_Children: []
  m_Father: {fileID: 0}
  m_RootOrder: 6
  m_LocalEulerAnglesHint: {x: 0, y: 0, z: 0}
--- !u!1 &758075997
GameObject:
  m_ObjectHideFlags: 0
  m_PrefabParentObject: {fileID: 0}
  m_PrefabInternal: {fileID: 0}
  serializedVersion: 5
  m_Component:
  - component: {fileID: 758076001}
  - component: {fileID: 758076000}
  - component: {fileID: 758075998}
  - component: {fileID: 758076002}
  - component: {fileID: 758076004}
  - component: {fileID: 758076003}
  - component: {fileID: 758075999}
  m_Layer: 0
  m_Name: Player
  m_TagString: Untagged
  m_Icon: {fileID: 0}
  m_NavMeshLayer: 0
  m_StaticEditorFlags: 0
  m_IsActive: 1
--- !u!23 &758075998
MeshRenderer:
  m_ObjectHideFlags: 0
  m_PrefabParentObject: {fileID: 0}
  m_PrefabInternal: {fileID: 0}
  m_GameObject: {fileID: 758075997}
  m_Enabled: 1
  m_CastShadows: 1
  m_ReceiveShadows: 1
  m_DynamicOccludee: 1
  m_MotionVectors: 1
  m_LightProbeUsage: 1
  m_ReflectionProbeUsage: 1
  m_Materials:
  - {fileID: 10303, guid: 0000000000000000f000000000000000, type: 0}
  m_StaticBatchInfo:
    firstSubMesh: 0
    subMeshCount: 0
  m_StaticBatchRoot: {fileID: 0}
  m_ProbeAnchor: {fileID: 0}
  m_LightProbeVolumeOverride: {fileID: 0}
  m_ScaleInLightmap: 1
  m_PreserveUVs: 1
  m_IgnoreNormalsForChartDetection: 0
  m_ImportantGI: 0
  m_StitchLightmapSeams: 0
  m_SelectedEditorRenderState: 3
  m_MinimumChartSize: 4
  m_AutoUVMaxDistance: 0.5
  m_AutoUVMaxAngle: 89
  m_LightmapParameters: {fileID: 0}
  m_SortingLayerID: 0
  m_SortingLayer: 0
  m_SortingOrder: 0
--- !u!114 &758075999
MonoBehaviour:
  m_ObjectHideFlags: 0
  m_PrefabParentObject: {fileID: 0}
  m_PrefabInternal: {fileID: 0}
  m_GameObject: {fileID: 758075997}
  m_Enabled: 1
  m_EditorHideFlags: 0
  m_Script: {fileID: 11500000, guid: f02db86390867458abd13c03319bf57f, type: 3}
  m_Name: 
  m_EditorClassIdentifier: 
  resetBelowThisY: -100
  fadeInOnReset: 1
--- !u!33 &758076000
MeshFilter:
  m_ObjectHideFlags: 0
  m_PrefabParentObject: {fileID: 0}
  m_PrefabInternal: {fileID: 0}
  m_GameObject: {fileID: 758075997}
  m_Mesh: {fileID: 10208, guid: 0000000000000000e000000000000000, type: 0}
--- !u!4 &758076001
Transform:
  m_ObjectHideFlags: 0
  m_PrefabParentObject: {fileID: 0}
  m_PrefabInternal: {fileID: 0}
  m_GameObject: {fileID: 758075997}
  m_LocalRotation: {x: -0, y: -0.9999941, z: -0, w: -0.003433924}
  m_LocalPosition: {x: -1.29, y: 21.64, z: 37.76}
  m_LocalScale: {x: 1.9917036, y: 1.9917037, z: 1.9917037}
  m_Children:
  - {fileID: 352955721}
  m_Father: {fileID: 0}
  m_RootOrder: 5
  m_LocalEulerAnglesHint: {x: 0, y: -180.394, z: 0}
--- !u!143 &758076002
CharacterController:
  m_ObjectHideFlags: 0
  m_PrefabParentObject: {fileID: 0}
  m_PrefabInternal: {fileID: 0}
  m_GameObject: {fileID: 758075997}
  m_Material: {fileID: 0}
  m_IsTrigger: 0
  m_Enabled: 1
  serializedVersion: 2
  m_Height: 2
  m_Radius: 0.5
  m_SlopeLimit: 45
  m_StepOffset: 0.3
  m_SkinWidth: 0.08
  m_MinMoveDistance: 0.001
  m_Center: {x: 0, y: 0, z: 0}
--- !u!114 &758076003
MonoBehaviour:
  m_ObjectHideFlags: 0
  m_PrefabParentObject: {fileID: 0}
  m_PrefabInternal: {fileID: 0}
  m_GameObject: {fileID: 758075997}
  m_Enabled: 1
  m_EditorHideFlags: 0
  m_Script: {fileID: 11500000, guid: 2cd97f032c69e48f4a551aec475d5e88, type: 3}
  m_Name: 
  m_EditorClassIdentifier: 
  axes: 1
  invertY: 0
  sensitivityX: 10
  sensitivityY: 9
  minimumX: -360
  maximumX: 360
  minimumY: -85
  maximumY: 85
  framesOfSmoothing: 5
--- !u!114 &758076004
MonoBehaviour:
  m_ObjectHideFlags: 0
  m_PrefabParentObject: {fileID: 0}
  m_PrefabInternal: {fileID: 0}
  m_GameObject: {fileID: 758075997}
  m_Enabled: 1
  m_EditorHideFlags: 0
  m_Script: {fileID: 11500000, guid: c9ee6ff55b4ff41769a43e63bbd8c2ae, type: 3}
  m_Name: 
  m_EditorClassIdentifier: 
  walkSpeed: 8
  runSpeed: 10
  enableRunning: 0
  jumpSpeed: 4
  gravity: 10
  slideWhenOverSlopeLimit: 0
  slideOnTaggedObjects: 0
  slideSpeed: 5
  airControl: 1
  antiBumpFactor: 0.75
  antiBunnyHopFactor: 1
--- !u!1 &774765926
GameObject:
  m_ObjectHideFlags: 0
  m_PrefabParentObject: {fileID: 100000, guid: ec596953ba7a3ae4eba321ff6c98db56, type: 3}
  m_PrefabInternal: {fileID: 0}
  serializedVersion: 5
  m_Component:
  - component: {fileID: 774765930}
  - component: {fileID: 774765929}
  - component: {fileID: 774765927}
  - component: {fileID: 774765928}
  m_Layer: 0
  m_Name: island3
  m_TagString: Untagged
  m_Icon: {fileID: 0}
  m_NavMeshLayer: 0
  m_StaticEditorFlags: 0
  m_IsActive: 1
--- !u!95 &774765927
Animator:
  serializedVersion: 3
  m_ObjectHideFlags: 0
  m_PrefabParentObject: {fileID: 9500000, guid: ec596953ba7a3ae4eba321ff6c98db56,
    type: 3}
  m_PrefabInternal: {fileID: 0}
  m_GameObject: {fileID: 774765926}
  m_Enabled: 1
  m_Avatar: {fileID: 9000000, guid: ec596953ba7a3ae4eba321ff6c98db56, type: 3}
  m_Controller: {fileID: 0}
  m_CullingMode: 0
  m_UpdateMode: 0
  m_ApplyRootMotion: 0
  m_LinearVelocityBlending: 0
  m_WarningMessage: 
  m_HasTransformHierarchy: 1
  m_AllowConstantClipSamplingOptimization: 1
--- !u!23 &774765928
MeshRenderer:
  m_ObjectHideFlags: 0
  m_PrefabParentObject: {fileID: 2300000, guid: ec596953ba7a3ae4eba321ff6c98db56,
    type: 3}
  m_PrefabInternal: {fileID: 0}
  m_GameObject: {fileID: 774765926}
  m_Enabled: 1
  m_CastShadows: 1
  m_ReceiveShadows: 1
  m_DynamicOccludee: 1
  m_MotionVectors: 1
  m_LightProbeUsage: 1
  m_ReflectionProbeUsage: 1
  m_Materials:
  - {fileID: 2100000, guid: e6b8444584afbed48a84be9f2a2a4817, type: 2}
  m_StaticBatchInfo:
    firstSubMesh: 0
    subMeshCount: 0
  m_StaticBatchRoot: {fileID: 0}
  m_ProbeAnchor: {fileID: 0}
  m_LightProbeVolumeOverride: {fileID: 0}
  m_ScaleInLightmap: 1
  m_PreserveUVs: 0
  m_IgnoreNormalsForChartDetection: 0
  m_ImportantGI: 0
  m_StitchLightmapSeams: 0
  m_SelectedEditorRenderState: 3
  m_MinimumChartSize: 4
  m_AutoUVMaxDistance: 0.5
  m_AutoUVMaxAngle: 89
  m_LightmapParameters: {fileID: 0}
  m_SortingLayerID: 0
  m_SortingLayer: 0
  m_SortingOrder: 0
--- !u!33 &774765929
MeshFilter:
  m_ObjectHideFlags: 0
  m_PrefabParentObject: {fileID: 3300000, guid: ec596953ba7a3ae4eba321ff6c98db56,
    type: 3}
  m_PrefabInternal: {fileID: 0}
  m_GameObject: {fileID: 774765926}
  m_Mesh: {fileID: 4300000, guid: ec596953ba7a3ae4eba321ff6c98db56, type: 3}
--- !u!4 &774765930
Transform:
  m_ObjectHideFlags: 0
  m_PrefabParentObject: {fileID: 400000, guid: ec596953ba7a3ae4eba321ff6c98db56, type: 3}
  m_PrefabInternal: {fileID: 0}
  m_GameObject: {fileID: 774765926}
  m_LocalRotation: {x: 0, y: -0, z: -0, w: 1}
  m_LocalPosition: {x: -17.8, y: 7.9, z: -198.2}
  m_LocalScale: {x: 1, y: 1, z: 1}
  m_Children: []
  m_Father: {fileID: 0}
  m_RootOrder: 2
  m_LocalEulerAnglesHint: {x: 0, y: 0, z: 0}
--- !u!1 &1093915756 stripped
GameObject:
  m_PrefabParentObject: {fileID: 100000, guid: 4860b65433c8ba2478f36d5d1ad5bd07, type: 3}
  m_PrefabInternal: {fileID: 221309876}
--- !u!114 &1093915758
MonoBehaviour:
  m_ObjectHideFlags: 0
  m_PrefabParentObject: {fileID: 0}
  m_PrefabInternal: {fileID: 0}
  m_GameObject: {fileID: 1093915756}
  m_Enabled: 1
  m_EditorHideFlags: 0
  m_Script: {fileID: 11500000, guid: b7c10feae01cbf347ab977360e256fb3, type: 3}
  m_Name: 
  m_EditorClassIdentifier: 
--- !u!1 &1170102772
GameObject:
  m_ObjectHideFlags: 0
  m_PrefabParentObject: {fileID: 100004, guid: 2bf485248961d4641aaecba9d266a25c, type: 3}
  m_PrefabInternal: {fileID: 0}
  serializedVersion: 5
  m_Component:
  - component: {fileID: 1170102773}
  - component: {fileID: 1170102775}
  - component: {fileID: 1170102774}
  - component: {fileID: 1170102776}
  m_Layer: 0
  m_Name: bridge
  m_TagString: Untagged
  m_Icon: {fileID: 0}
  m_NavMeshLayer: 0
  m_StaticEditorFlags: 0
  m_IsActive: 1
--- !u!4 &1170102773
Transform:
  m_ObjectHideFlags: 0
  m_PrefabParentObject: {fileID: 400004, guid: 2bf485248961d4641aaecba9d266a25c, type: 3}
  m_PrefabInternal: {fileID: 0}
  m_GameObject: {fileID: 1170102772}
  m_LocalRotation: {x: -0, y: 0.032917716, z: -0, w: 0.9994581}
  m_LocalPosition: {x: -1.3249307, y: 11.7026, z: -53.67255}
  m_LocalScale: {x: 1, y: 1, z: 1}
  m_Children: []
  m_Father: {fileID: 0}
  m_RootOrder: 0
  m_LocalEulerAnglesHint: {x: 0, y: 0, z: 0}
--- !u!23 &1170102774
MeshRenderer:
  m_ObjectHideFlags: 0
  m_PrefabParentObject: {fileID: 2300000, guid: 2bf485248961d4641aaecba9d266a25c,
    type: 3}
  m_PrefabInternal: {fileID: 0}
  m_GameObject: {fileID: 1170102772}
  m_Enabled: 1
  m_CastShadows: 1
  m_ReceiveShadows: 1
  m_DynamicOccludee: 1
  m_MotionVectors: 1
  m_LightProbeUsage: 1
  m_ReflectionProbeUsage: 1
  m_Materials:
  - {fileID: 2100000, guid: 6a376ae5501adf84e9c9fb7629b5d134, type: 2}
  m_StaticBatchInfo:
    firstSubMesh: 0
    subMeshCount: 0
  m_StaticBatchRoot: {fileID: 0}
  m_ProbeAnchor: {fileID: 0}
  m_LightProbeVolumeOverride: {fileID: 0}
  m_ScaleInLightmap: 1
  m_PreserveUVs: 0
  m_IgnoreNormalsForChartDetection: 0
  m_ImportantGI: 0
  m_StitchLightmapSeams: 0
  m_SelectedEditorRenderState: 3
  m_MinimumChartSize: 4
  m_AutoUVMaxDistance: 0.5
  m_AutoUVMaxAngle: 89
  m_LightmapParameters: {fileID: 0}
  m_SortingLayerID: 0
  m_SortingLayer: 0
  m_SortingOrder: 0
--- !u!33 &1170102775
MeshFilter:
  m_ObjectHideFlags: 0
  m_PrefabParentObject: {fileID: 3300000, guid: 2bf485248961d4641aaecba9d266a25c,
    type: 3}
  m_PrefabInternal: {fileID: 0}
  m_GameObject: {fileID: 1170102772}
  m_Mesh: {fileID: 4300000, guid: 2bf485248961d4641aaecba9d266a25c, type: 3}
--- !u!64 &1170102776
MeshCollider:
  m_ObjectHideFlags: 0
  m_PrefabParentObject: {fileID: 0}
  m_PrefabInternal: {fileID: 0}
  m_GameObject: {fileID: 1170102772}
  m_Material: {fileID: 0}
  m_IsTrigger: 0
  m_Enabled: 1
  serializedVersion: 3
  m_Convex: 0
  m_CookingOptions: 14
  m_SkinWidth: 0.01
  m_Mesh: {fileID: 4300000, guid: 2bf485248961d4641aaecba9d266a25c, type: 3}
--- !u!1 &1506697211 stripped
GameObject:
  m_PrefabParentObject: {fileID: 100008, guid: ab508dcce59a2fc4786107e03a099c66, type: 3}
  m_PrefabInternal: {fileID: 106023040}
--- !u!64 &1506697212
MeshCollider:
  m_ObjectHideFlags: 0
  m_PrefabParentObject: {fileID: 0}
  m_PrefabInternal: {fileID: 0}
  m_GameObject: {fileID: 1506697211}
  m_Material: {fileID: 0}
  m_IsTrigger: 0
  m_Enabled: 1
  serializedVersion: 3
  m_Convex: 0
  m_CookingOptions: 14
  m_SkinWidth: 0.01
  m_Mesh: {fileID: 4300000, guid: ab508dcce59a2fc4786107e03a099c66, type: 3}
